% I need to make sure all entries are formatted the same.
@article{baldereschi1973mean,
  title = {Mean-Value Point in the Brillouin Zone},
  author = {Baldereschi, A.},
  journal = {Phys. Rev. B},
  volume = {7},
  issue = {12},
  pages = {5212--5215},
  numpages = {4},
  year = {1973},
  month = {Jun},
  publisher = {American Physical Society},
  doi = {10.1103/PhysRevB.7.5212},
  url = {http://link.aps.org/doi/10.1103/PhysRevB.7.5212}
}
@article{chadi1973special,
  title = {Special Points in the Brillouin Zone},
  author = {Chadi, D. J. and Cohen, Marvin L.},
  journal = {Phys. Rev. B},
  volume = {8},
  issue = {12},
  pages = {5747--5753},
  numpages = {7},
  year = {1973},
  month = {Dec},
  publisher = {American Physical Society},
  doi = {10.1103/PhysRevB.8.5747},
  url = {http://link.aps.org/doi/10.1103/PhysRevB.8.5747}
}
@article{monkhorst1976special,
  title = {Special points for Brillouin-zone integrations},
  author = {Monkhorst, Hendrik J. and Pack, James D.},
  journal = {Phys. Rev. B},
  volume = {13},
  issue = {12},
  pages = {5188--5192},
  numpages = {5},
  year = {1976},
  month = {Jun},
  publisher = {American Physical Society},
  doi = {10.1103/PhysRevB.13.5188},
  url = {http://link.aps.org/doi/10.1103/PhysRevB.13.5188}
}
@article{froyen1989brillouin,
  title = {Brillouin-zone integration by Fourier quadrature: Special
                  points for superlattice and supercell calculations},
  author = {Froyen, Sverre},
  journal = {Phys. Rev. B},
  volume = {39},
  issue = {5},
  pages = {3168--3172},
  numpages = {5},
  year = {1989},
  month = {Feb},
  publisher = {American Physical Society},
  doi = {10.1103/PhysRevB.39.3168},
  url = {http://link.aps.org/doi/10.1103/PhysRevB.39.3168}
}
@article{moreno1992optimal,
  title = {Optimal meshes for integrals in real- and reciprocal-space
                  unit cells},
  author = {Moreno, Juana and Soler, Jos\'e M.},
  journal = {Phys. Rev. B},
  volume = {45},
  issue = {24},
  pages = {13891--13898},
  numpages = {8},
  year = {1992},
  month = {Jun},
  publisher = {American Physical Society},
  doi = {10.1103/PhysRevB.45.13891},
  url = {http://link.aps.org/doi/10.1103/PhysRevB.45.13891}
}
@article{wisesa2016efficient,
  title = {Efficient generation of generalized Monkhorst-Pack grids
                  through the use of informatics},
  author = {Wisesa, Pandu and McGill, Kyle A. and Mueller, Tim},
  journal = {Phys. Rev. B},
  volume = {93},
  issue = {15},
  pages = {155109},
  numpages = {10},
  year = {2016},
  month = {Apr},
  publisher = {American Physical Society},
  doi = {10.1103/PhysRevB.93.155109},
  url = {http://link.aps.org/doi/10.1103/PhysRevB.93.155109}
}
@article{greeley2006computational,
  title={Computational high-throughput screening of electrocatalytic
                  materials for hydrogen evolution},
  author={Greeley, Jeff and Jaramillo, Thomas F and Bonde, Jacob and
                  Chorkendorff, IB and N{\o}rskov, Jens K},
  journal={Nature materials},
  volume={5},
  number={11},
  pages={909},
  year={2006},
  publisher={Nature Publishing Group}
}
@article{hanak2004quantum,
  title={A quantum leap in the development of new materials and
                  devices},
  author={Hanak, Joseph J},
  journal={Applied surface science},
  volume={223},
  number={1},
  pages={1--8},
  year={2004},
  publisher={Elsevier}
}
@article{green2013applications,
  title={Applications of high throughput (combinatorial) methodologies
                  to electronic, magnetic, optical, and energy-related
                  materials},
  author={Green, Martin L and Takeuchi, Ichiro and Hattrick-Simpers,
                  Jason R},
  journal={Journal of Applied Physics},
  volume={113},
  number={23},
  pages={9\_1},
  year={2013},
  publisher={AIP}
}
@article{xiang1995combinatorial,
  title={A combinatorial approach to materials discovery},
  author={Xiang, XD and Sun, Xiaodong and Briceno, Gabriel and Lou,
                  Yulin and others},
  journal={Science},
  volume={268},
  number={5218},
  pages={1738},
  year={1995},
  publisher={The American Association for the Advancement of Science}
}
@article{jandeleit1999combinatorial,
  title={Combinatorial materials science and catalysis},
  author={Jandeleit, Bernd and Schaefer, Dieter J and Powers, Timothy
                  S and Turner, Howard W and Weinberg, W Henry},
  journal={Angewandte Chemie International Edition},
  volume={38},
  number={17},
  pages={2494--2532},
  year={1999},
  publisher={Wiley Online Library}
}
@article{senkan1998high,
  title={High-throughput screening of solid-state catalyst libraries},
  author={Senkan, Selim M},
  journal={Nature},
  volume={394},
  number={6691},
  pages={350},
  year={1998},
  publisher={Nature Publishing Group}
}
@article{berland2017enabling,
  title={Enabling accurate first-principle calculations of electronic properties with a corrected k{\textperiodcentered} p scheme},
  author={Berland, Kristian and Persson, Clas},
  journal={Computational Materials Science},
  volume={134},
  pages={17--24},
  year={2017},
  publisher={Elsevier}
}
@incollection{janak1971gilat,
  title = {Gilat-Raubenheimer methods for k-space integration},
  author = {Janak, JF},
  booktitle = {Computational Methods in Band Theory},
  pages = {323--339},
  year = {1971},
  publisher={Springer},
  numpages = {17},
  doi = {10.1007/978-1-4684-1890-3_24},
  url = {http://link.springer.com/chapter/10.1007/978-1-4684-1890-3_24}
}
